@unpublished{tcc-rogerio-2021,
  author = {Rogério Otavio Mainardes da Silva},
  title = {Método do Gradiente Estocástico para otimização de funções separáveis em Aprendizagem de Máquina},
  year = {2021},
  month = {mar},
  institution = {Universidade Federal do Paraná},
  note = {Undergraduate thesis},
  address = {Curitiba/PR, Brazil},
}

@article{Orban2020,
  author = {Dominique Orban and Abel Soares Siqueira},
  title = {A regularization method for constrained nonlinear least squares},
  journal = {Computational Optimization and Applications},
  doi = {10.1007/s10589-020-00201-2},
  url = {https://doi.org/10.1007/s10589-020-00201-2},
  year = {2020},
  month = {jun},
}

@article{Lara2018,
  doi = {10.5540/tema.2018.019.03.471},
  url = {https://doi.org/10.5540/tema.2018.019.03.471},
  year  = {2018},
  month = {dec},
  publisher = {Brazilian Society for Computational and Applied Mathematics ({SBMAC})},
  volume = {19},
  number = {3},
  pages = {471--488},
  author = {Hugo José Lara and Abel Soares Siqueira and Jinyun Yuan},
  title = {A Reduced Semidefinite Programming Formulation for {HA} Assignment Problems in Sport Scheduling},
  journal = {{TEMA} (São Carlos)}
}

@inproceedings{Urdaneta2018,
  doi = {10.5540/03.2018.006.01.0311},
  url = {https://doi.org/10.5540/03.2018.006.01.0311},
  year  = {2018},
  month = {feb},
  publisher = {{SBMAC}},
  author = {Hugo Lara Urdaneta and Jinyun Yuan and Abel Soares Siqueira},
  title = {Alternative Integer linear and Quadratic Programming
           Formulations for {HA}-Assignment Problems},
  booktitle = {XXXVII CNMAC, S. J. dos Campos/SP, Brasil}
}

@unpublished{tcc-thaiza-2018,
  author = {Thaiza Rafaele dos Santos Rievrs},
  title = {Problema de Estoque e Roteirização com Transbordo},
  url = {https://abelsiqueira.github.io/assets/alunos/2018/thaiza-rievrs.pdf},
  year = {2018},
  month = {dec},
  institution = {Universidade Federal do Paraná},
  note = {Undergraduate thesis},
  address = {Curitiba/PR, Brazil},
}

@unpublished{tcc-francine-2017,
  author = {Francine Luise Milian Ribas},
  title = {Métodos de Região de Confiança para Minimização Irrestrita},
  url = {https://abelsiqueira.github.io/assets/alunos/2017/francine-milian.pdf},
  year = {2017},
  month = {jul},
  institution = {Universidade Federal do Paraná},
  note = {Undergraduate thesis},
  address = {Curitiba/PR, Brazil},
}

@unpublished{tcc-oksana-2017,
  author = {Oksana Heringer da Silva},
  title = {Métodos de Penalidade e o Lagrangiano Aumentado},
  url = {https://abelsiqueira.github.io/assets/alunos/2017/oksana-heringer.pdf},
  year = {2017},
  month = {jul},
  institution = {Universidade Federal do Paraná},
  note = {Undergraduate thesis},
  address = {Curitiba/PR, Brazil},
}

@unpublished{tcc-adrean-2017,
  author = {Adrean Cebola},
  title = {Resolução de Programas Lineares com Método de Pontos Interiores},
  url = {https://abelsiqueira.github.io/assets/alunos/2017/adrean-cebola.pdf},
  year = {2017},
  month = {jun},
  institution = {Universidade Federal do Paraná},
  note = {Undergraduate thesis},
  address = {Curitiba/PR, Brazil},
}

@unpublished{tcc-carlos-2017,
  author = {Carlos Henrique Venturi Ronchi},
  title = {Estudo Matemático de Reconhecimento de Caracteres},
  url = {https://abelsiqueira.github.io/assets/alunos/2017/carlos-ronchi.pdf},
  year = {2017},
  month = {may},
  institution = {Universidade Federal do Paraná},
  note = {Undergraduate thesis},
  address = {Curitiba/PR, Brazil},
}

@techreport{abel2016a,
  author = {Abel S. Siqueira and Francisco de Assis Magalhães Gomes},
  title = {Dynamic Control of Infeasibility for Nonlinear Programming},
  month = {Jun},
  year = {2016},
  type = {Relat\'orio T\'ecnico},
  number = {rp11-16},
  institution = {Universidade Estadual de Campinas},
  address = {Campinas/SP, Brazil},
  url = {http://www.ime.unicamp.br/sites/default/files/rp11-16.pdf}
}

@article{abel2016b,
  author = {Abel S. Siqueira and Raniere G. C. da Silva and Luiz-Rafael Santos},
  doi = {10.5334/jors.81},
  url = {https://doi.org/10.5334/jors.81},
  year  = {2016},
  month = {apr},
  publisher = {Ubiquity Press,  Ltd.},
  volume = {4},
  number = {1},
  pages = {e12},
  title = {Perprof-py: A Python Package for Performance Profile of
           Mathematical Optimization Software},
  journal = {Journal of Open Research Software}
}

@inproceedings{daSilva2011,
  doi = {10.1109/multi-temp.2011.6005091},
  url = {https://doi.org/10.1109/multi-temp.2011.6005091},
  year  = {2011},
  month = {jul},
  publisher = {{IEEE}},
  author = {W. L. da Silva and R. R. V. Goncalves and A. S. Siqueira and J.
            Zullo and F. A. M. Gomes Neto},
  title = {Feature extraction for {NDVI} {AVHRR}/{NOAA} time series classification},
  booktitle = {2011 6th International Workshop on the Analysis of Multi-temporal
               Remote Sensing Images (Multi-Temp), Trento}
}